<mx:record xmlns:v="http://viaf.org/viaf/terms#" xmlns:mx="http://www.loc.gov/MARC21/slim"
           xmlns:srw="http://www.loc.gov/zing/srw/">
   <mx:leader>00000nz##a22.....n..4500</mx:leader>
   <mx:controlfield tag="001">viaf74242373</mx:controlfield>
   <mx:controlfield tag="003">OCoLC</mx:controlfield>
   <mx:controlfield tag="008">090303n||azznnabbn##########|a#aaa####|#</mx:controlfield>
   <mx:datafield tag="024" ind1="7" ind2=" ">
      <mx:subfield code="a">http://viaf.org/viaf/74242373</mx:subfield>
      <mx:subfield code="2">uri</mx:subfield>
   </mx:datafield>
   <mx:datafield tag="040" ind1=" " ind2=" ">
      <mx:subfield code="a">VIAF</mx:subfield>
      <mx:subfield code="c">VIAF</mx:subfield>
   </mx:datafield>
   <mx:datafield ind1="0" ind2=" " tag="100">
      <mx:subfield code="a">Phanodicus</mx:subfield>
      <mx:subfield code="c">Historicus</mx:subfield>
      <mx:subfield code="d">v2. Jh.</mx:subfield>
      <mx:subfield code="0">(DNB)102402477</mx:subfield>
   </mx:datafield>
   <mx:datafield tag="375" ind1=" " ind2=" ">
      <mx:subfield code="a">unknown</mx:subfield>
      <mx:subfield code="2">0</mx:subfield>
   </mx:datafield>
   <mx:datafield ind1="0" ind2=" " tag="400">
      <mx:subfield code="a">Phanodikos</mx:subfield>
      <mx:subfield code="c">Historiker</mx:subfield>
      <mx:subfield code="d">v2. Jh.</mx:subfield>
      <mx:subfield code="2">DNB</mx:subfield>
   </mx:datafield>
   <mx:datafield tag="856" ind1="4" ind2="0">
      <mx:subfield code="u">http://viaf.org/viaf/74242373</mx:subfield>
   </mx:datafield>
   <mx:datafield tag="997" ind1=" " ind2=" ">
      <mx:subfield code="a">-200</mx:subfield>
      <mx:subfield code="b">0</mx:subfield>
      <mx:subfield code="c">flourished</mx:subfield>
   </mx:datafield>
</mx:record>